3300 5342
123 540 143 598 ll
250 551 404 611 nficuett
424 551 471 609 DE
489 552 650 610 teuteus
668 553 786 612 turne
803 555 943 614 untuntz
962 555 1007 614 ET
1025 557 1176 616 CLlRKE.
1235 565 1286 618 617

130 692 138 725 t
176 674 270 738 Ainsi
279 681 368 739 notre
382 675 522 740 henheur
539 692 579 738 ne
593 675 762 738 consistere
768 676 895 757 jamule,
906 683 937 740 et
949 697 988 742 ne
997 678 1063 743 doit
1074 683 1162 762 point
1172 681 1287 746 consis-

132 772 279 835 tendens
298 790 359 834 nne
379 773 480 854 pleine
490 772 679 854 juuissenee,
693 771 733 836 oui
750 771 774 835 il
789 771 842 854 n'y
856 775 956 838 sursit
971 776 1040 857 plns
1055 778 1122 841 rien
1140 777 1156 840 el
1171 777 1287 842 desirer

132 876 166 932 et
181 870 241 951 qui
254 869 390 934 nendi-ait
401 877 489 934 notre
497 869 591 952 esurit
601 868 724 952 stupide
731 889 740 946 ;
757 869 837 932 mnis
850 868 927 933 dens
938 889 981 934 un
993 875 1117 955 prognes
1131 872 1285 958 perpetuel

130 964 149 1028 e
166 965 211 1030 de
225 984 386 1031 neuvenux
396 966 528 1048 elusim,
539 972 572 1029 et
584 966 622 1030 de
635 964 794 1030 nouvelles
803 966 998 1047 perfectione.

460 1406 654 1481 RECUEIL
678 1406 736 1481 DE
763 1407 962 1482 LETTRES

208 1613 440 1728 euleu
487 1615 762 1732 LEIBNIZ
808 1617 897 1730 ΕΤ
935 1617 1212 1732 nutele

313 1848 379 1904 SUR
397 1848 488 1920 mun,
505 1849 617 1920 L’AME,
637 1849 807 1921 L'ESPACE,
828 1850 873 1907 ll
891 1841 1016 1921 DUREE‚
1040 1853 1113 1908 eie.

628 2015 787 2068 tlte—sm

129 2190 260 2242 Premier
278 2186 345 2239 ecrit
362 2188 396 2241 de
409 2187 448 2241 ll.
463 2187 584 2240 ieibniz.
598 2187 705 2240 Extreit
720 2189 801 2241 d'une
814 2189 893 2241 lettre
904 2189 938 2242 de
951 2189 988 2240 ll.
1004 2190 1112 2264 Ieiuniz
1127 2191 1144 2243 e
1158 2191 1185 2243 S.
1202 2190 1237 2244 Α.
1252 2191 1287 2244 R.

208 2280 334 2332 Medeme
347 2281 374 2331 le
386 2280 523 2346 princesse
536 2279 571 2332 de
584 2278 685 2347 Galles,
701 2279 783 2332 ecrite
795 2291 832 2331 eu
845 2281 913 2332 mois
926 2281 960 2333 de
973 2283 1119 2335 novembre
1136 2282 1215 2334 171⁵.

174 2445 208 2506 l.
231 2441 259 2504 ll
274 2439 392 2505 semble
406 2459 467 2523 que
482 2439 516 2503 lu
533 2438 665 2520 religion
682 2438 835 2502 nstnrelle
848 2442 952 2502 meme
965 2439 1121 2506 s’elieihlit
1137 2444 1289 2506 extreme-

131 2543 227 2600 ment
241 2537 290 2615 (en
302 2535 507 2616 Angleterre).
521 2535 681 2598 Plusieurs
696 2536 763 2597 font
779 2533 826 2596 les
844 2534 929 2597 emes
944 2537 1139 2617 corporeum,
1151 2538 1287 2600 d'eutres

131 2634 205 2698 font
218 2634 295 2696 Dieu
307 2632 471 2695 lui-meme
485 2630 635 2713 eorporel.

174 2737 208 2794 2.
232 2732 273 2795 Μ.
293 2729 395 2793 mele
411 2735 441 2790 et
457 2747 508 2792 ses
520 2734 691 2792 seeteteurs
704 2726 836 2790 deutent
849 2745 889 2788 nu
903 2727 1019 2808 moine,
1033 2727 1061 2790 si
1078 2727 1124 2792 les
1144 2729 1231 2792 smne
1248 2745 1288 2790 ne

131 2834 211 2893 sunt
221 2826 309 2910 point
322 2825 521 2902 materieles,
537 2833 570 2889 et
582 2823 821 2888 netunellement
833 2823 1029 2906 periesnbles.

174 2927 208 2987 3.
232 2925 274 2987 Μ.
296 2926 423 2986 Newtun
444 2921 492 2985 dit
513 2939 574 3004 qne
593 2920 725 3004 l'espeee
746 2928 793 2985 eet
812 2921 953 3002 l’orgene
974 2920 1050 2984 dont
1070 2920 1148 2984 Dieu
1173 2939 1207 2984 se
1226 2927 1291 2984 sert

130 3041 217 3106 pour
227 3022 327 3085 sentir
343 3021 389 3084 les
402 3020 525 3085 eltuses.
539 3020 632 3102 Meis,
646 3020 697 3084 s'il
715 3039 735 3084 s
751 3018 861 3084 besuin
875 3019 913 3083 de
926 3018 1059 3101 quelque
1081 3036 1194 3102 moyen
1211 3035 1291 3100 pour

130 3119 180 3184 les
206 3118 317 3200 sentin,
332 3117 406 3182 elles
428 3136 468 3180 ne
489 3117 666 3200 dependent
685 3121 765 3182 dune
785 3135 841 3200 pes
859 3117 1065 3181 entitrement
1079 3115 1117 3180 de
1130 3116 1188 3190 lui,
1204 3122 1235 3179 et
1248 3133 1289 3180 ne

133 3225 208 3284 sont
221 3219 310 3301 point
322 3237 358 3282 sn
371 3217 567 3301 productione.

172 3324 206 3383 4.
224 3321 267 3382 M.
281 3322 409 3381 Newtun
423 3324 455 3381 et
467 3336 517 3381 ses
531 3323 701 3382 seeteteurs
713 3321 769 3381 ont
782 3334 893 3382 enuere
906 3335 970 3380 une
984 3315 1045 3380 fort
1056 3315 1207 3398 plnissnte
1220 3314 1289 3398 opi-

133 3416 211 3480 nion
224 3415 264 3478 de
277 3414 433 3495 l'nuvmge
445 3413 484 3477 de
493 3415 582 3478 nien.
598 3412 690 3477 selon
702 3432 774 3494 eux,
788 3415 867 3478 Dieu
880 3434 899 3478 a
910 3414 1020 3480 hesoin
1030 3414 1068 3478 de
1081 3419 1236 3478 rementer
1249 3413 1289 3478 de

132 3520 238 3597 tempe
252 3531 291 3577 en
305 3521 407 3594 temps
420 3531 456 3575 se
473 3519 605 3586 mentre,
624 3516 801 3576 entrement
819 3512 878 3576 elle
899 3513 1046 3578 cesseruit
1063 3513 1170 3594 d'egir.
1190 3513 1218 3576 ll
1237 3513 1288 3576 n'e

133 3627 189 3691 uns
201 3630 243 3675 eu
256 3629 342 3674 essee
356 3611 479 3692 denne,
498 3629 577 3692 pour
591 3610 719 3674 ensuite
740 3628 784 3674 nn
804 3620 1005 3676 mouvement
1020 3609 1187 3692 perpetuel.
1202 3611 1288 3672 cette

132 3706 282 3772 machine
303 3709 342 3771 de
364 3707 442 3770 Dieu
464 3714 511 3770 est
537 3710 641 3771 meme
664 3706 693 3770 si
717 3706 906 3789 imperatu,
925 3706 1011 3770 selon
1033 3724 1109 3787 eux,
1135 3703 1210 3788 qu’il
1239 3707 1288 3767 est

133 3803 237 3886 oblige
249 3805 288 3870 de
300 3805 332 3869 lu
344 3804 501 3869 decresset·
516 3804 555 3868 de
569 3810 670 3888 temps
690 3823 730 3867 en
742 3811 845 3888 temps
859 3823 914 3887 pur
924 3823 968 3867 nn
983 3821 1133 3867 eoneuurs
1148 3809 1286 3866 extruer-

133 3899 266 3985 dineire‚
282 3909 315 3966 et
327 3906 430 3966 meme
446 3901 484 3965 de
497 3901 529 3966 lu
546 3901 785 3977 meeummoden
801 3919 923 3966 comme
937 3920 981 3966 nn
992 3900 1136 3984 horloger
1153 3918 1211 3964 son
1228 3918 1287 3964 eu·

135 4012 230 4078 vruge
242 4019 251 4074 ;
263 3999 318 4080 qui
334 4018 403 4063 sere
420 3999 561 4063 d'entent
575 3999 646 4084 plus
660 4001 803 4065 meuvnis
819 4003 942 4082 mettre,
954 3997 1030 4082 qu’il
1044 4017 1114 4063 sem
1129 3997 1199 4082 plue
1213 4017 1287 4062 suu·

134 4101 211 4158 vent
224 4095 325 4176 oblige
341 4096 393 4178 ‹l'y
410 4098 575 4162 reteueher
588 4105 620 4161 et
634 4098 684 4180 d’y
698 4099 846 4178 corniger.
858 4097 949 4162 Seleu
965 4115 1039 4162 men
1056 4098 1238 4172 sentiment,
1255 4093 1287 4158 lu

136 4195 240 4257 meme
257 4194 338 4258 tores
358 4202 390 4257 et
408 4195 538 4275 viguenn
552 4214 572 4278 y
588 4196 723 4262 subsiste
737 4199 893 4280 tnujnure,
908 4203 939 4260 et
952 4213 1041 4279 pesse
1056 4195 1230 4259 seulement
1246 4191 1286 4254 de

137 4291 267 4356 muliere
282 4310 322 4355 en
335 4291 475 4368 metiens,
491 4293 617 4358 suivant
635 4293 681 4358 les
699 4293 760 4360 lois
774 4294 813 4358 de
835 4294 867 4358 lu
886 4301 1010 4374 nature,
1023 4299 1054 4355 et
1072 4293 1103 4356 le
1122 4291 1172 4354 bel
1196 4289 1286 4354 ordre

137 4387 295 4464 preeunt.
310 4391 350 4452 ut
359 4391 394 4471 jn
404 4388 500 4471 tiene,
513 4391 616 4473 quand
630 4392 708 4456 Dieu
720 4393 777 4456 isit
790 4390 845 4455 des
858 4388 1015 4472 miracles,
1026 4407 1129 4472 queue
1139 4387 1219 4452 n’est
1230 4405 1285 4471 pus

137 4499 215 4560 pour
231 4487 370 4550 euntenir
381 4484 427 4552 les
438 4488 563 4552 besuins
578 4487 658 4554 dele
671 4498 794 4572 nature,
806 4489 885 4554 meis
900 4507 977 4574 pour
990 4505 1067 4552 eenx
1081 4487 1120 4552 de
1135 4485 1282 4570 lngrtee.
